[gd_scene load_steps=19 format=2]

[ext_resource path="res://assets/sprites/player/walk/5.png" type="Texture" id=1]
[ext_resource path="res://assets/sprites/player/walk/6.png" type="Texture" id=2]
[ext_resource path="res://assets/sprites/player/idle/2.png" type="Texture" id=3]
[ext_resource path="res://assets/sprites/player/jump/1.png" type="Texture" id=4]
[ext_resource path="res://assets/sprites/player/idle/1.png" type="Texture" id=5]
[ext_resource path="res://assets/sprites/player/jump/6.png" type="Texture" id=6]
[ext_resource path="res://assets/sprites/player/jump/2.png" type="Texture" id=7]
[ext_resource path="res://assets/sprites/player/walk/4.png" type="Texture" id=8]
[ext_resource path="res://assets/sprites/player/jump/3.png" type="Texture" id=9]
[ext_resource path="res://assets/sprites/player/jump/5.png" type="Texture" id=10]
[ext_resource path="res://assets/sprites/player/walk/3.png" type="Texture" id=11]
[ext_resource path="res://assets/sprites/player/walk/2.png" type="Texture" id=12]
[ext_resource path="res://assets/sprites/player/jump/7.png" type="Texture" id=13]
[ext_resource path="res://assets/sprites/player/jump/4.png" type="Texture" id=14]
[ext_resource path="res://assets/sprites/player/walk/1.png" type="Texture" id=15]
[ext_resource path="res://src/Actors/Player.gd" type="Script" id=16]

[sub_resource type="SpriteFrames" id=1]
animations = [ {
"frames": [ ExtResource( 5 ), ExtResource( 3 ) ],
"loop": true,
"name": "idle",
"speed": 5.0
}, {
"frames": [ ExtResource( 4 ), ExtResource( 7 ), ExtResource( 9 ), ExtResource( 14 ), ExtResource( 10 ), ExtResource( 6 ), ExtResource( 13 ) ],
"loop": true,
"name": "jump",
"speed": 20.0
}, {
"frames": [ ExtResource( 15 ), ExtResource( 12 ), ExtResource( 11 ), ExtResource( 8 ), ExtResource( 1 ), ExtResource( 2 ) ],
"loop": true,
"name": "walk",
"speed": 20.0
} ]

[sub_resource type="RectangleShape2D" id=2]
extents = Vector2( 35, 30 )

[node name="Player" type="KinematicBody2D"]
position = Vector2( 74, 125 )
script = ExtResource( 16 )
__meta__ = {
"_edit_group_": true
}

[node name="AnimatedSprite" type="AnimatedSprite" parent="."]
frames = SubResource( 1 )
animation = "jump"

[node name="CollisionShape2D" type="CollisionShape2D" parent="."]
shape = SubResource( 2 )
